<?xml version="1.0" encoding="UTF-8"?><collection xmlns="http://www.loc.gov/MARC21/slim"><record><leader>00516nam--2200181-i-4500</leader><controlfield tag="001">000006761</controlfield><controlfield tag="002">20161230</controlfield><controlfield tag="005">20161230201027</controlfield><controlfield tag="008">060222s1000------------r-----000-0-eng-d</controlfield><datafield ind1=" " ind2=" " tag="040"><subfield code="a">IFIN-HH</subfield></datafield><datafield ind1=" " ind2=" " tag="080"><subfield code="a">519.283:65.01</subfield></datafield><datafield ind1="1" ind2=" " tag="100"><subfield code="a">Dean, Burton V</subfield></datafield><datafield ind1="1" ind2="0" tag="245"><subfield code="a">Mathematics for modern management</subfield><subfield code="c">Burton v. dean, marice w. sasieni, shiv k. gupta</subfield></datafield><datafield ind1=" " ind2=" " tag="260"><subfield code="a">New York</subfield><subfield code="b">John Wiley And Sons, Inc</subfield><subfield code="c">1963</subfield></datafield><datafield ind1=" " ind2=" " tag="300"><subfield code="a">XIII + 442 P</subfield></datafield><datafield ind1="1" ind2=" " tag="700"><subfield code="a">Gupta, S.K</subfield></datafield><datafield ind1=" " ind2=" " tag="852"><subfield code="a">19518</subfield><subfield code="c">519.283</subfield></datafield><datafield ind1=" " ind2=" " tag="CAT"><subfield code="a">Sys</subfield><subfield code="c">20130806</subfield><subfield code="h">175810</subfield></datafield></record></collection>